%1ref

@article{Motion,
  title ={Mac  &  PC  Motion  Controller  for  Games,  Design,  & More.},
  author = {Leap  Motion },
  pages = {1--1},
  year = {March 2, 2015},
  URL ={http://www.leapmotion.com},
}

@article{Motion,
  title ={Mac  &  PC  Motion  Controller  for  Games,  Design,  & More.},
  author = {Leap  Motion },
  pages = {1--1},
  year = {March 2, 2015},
  URL ={http://www.leapmotion.com},
}

%2ref
@article{Shield,
  title ={Arduino v2 Kit. Adafruit.com},
  author = {Motor, Stepper, Servo Shield },
  pages = {1--1},
  year = {June 1, 2015},
  URL ={https://www.adafruit.com/product/1438},
}