% invention of computer
@article{slater1987invented,
  title={Who Invented The Computer?},
  author={Slater, Robert},
  journal={Computers in Physics},
  volume={1},
  number={1},
  pages={44--48},
  year={1987},
  publisher={American Institute of Physics}
}
% invention of mobile phone
@book{agar2013constant,
  title={Constant touch: A global history of the mobile phone},
  author={Agar, Jon},
  year={2013},
  publisher={Icon Books Ltd}
}
% at present computer
@article{www.geeksforgeeks.org,
  title={Generations of Computers â€“ Computer Fundamentals},
  author={www.geeksforgeeks.org},
  pages={1--1},
  year={2021},
  publisher={www.geeksforgeeks.org},
  URL={https://www.geeksforgeeks.org/generations-of-computers-computer-fundamentals},
}
% processror development.
@article{c.realme.comWebsite,
  title = {How Computers Will Look Like ln 2050 ?},
  author = {Satvik Kotian},
  pages = {1--1},
  year = {2019},
  publisher = {c.realme.com},
  URL ={https://c.realme.com/in/post-details/1144615693887471616},
}
% mobile in 2050
@article{electronics.howstuffworks.comWebsite,
  title ={Future Phones: What do you think phones will look like in 2050},
  author = {Jonathan Strickland},
  pages = {1--1},
  year = {2011},
  publisher = {electronics.howstuffworks.com},
  URL ={https://electronics.howstuffworks.com/phones-in-2050.htm},
}
